@misc{EPA,
    author = "US Environmental Protection Agency",
    title = "U.S. Chronic Disease Indicators: Asthma",
    url  = "http://www-cs-faculty.stanford.edu/~uno/abcde.html",
}
@misc{cali,
    author = "California Department of Public Health",
    title = "Asthma Prevalence in California",
    url  = "https://data.ca.gov/dataset/asthma-prevalence",
}
@misc{census,
    author = "United States Census Bureau",
    title = "ACS DEMOGRAPHIC AND HOUSING ESTIMATES",
    url  = "https://data.census.gov/cedsci/table?t=Race%20and%20Ethnicity&g=0400000US19.050000&d=ACS%205-Year%20Estimates%20Data%20Profiles&tid=ACSDP5Y2019.DP05",
}
@misc{facilities,
    author = "U.S. Department of Homeland Security",
    title = "Solid Waste Landfill Facilities",
    url  = "https://hifld-geoplatform.opendata.arcgis.com/datasets/solid-waste-landfill-facilities/data?geometry=-58.943%2C16.164%2C-165.818%2C61.2035",
}
